@string{hosc="Higher-Order and Symbolic Computation"}
% string{hosc="HOSC"}


@article{BauerP12,
  author    = {Andrej Bauer and
               Matija Pretnar},
  title     = {Programming with Algebraic Effects and Handlers},
  journal   = {CoRR},
  volume    = {abs/1203.1539},
  year      = {2012},
  ee        = {http://arxiv.org/abs/1203.1539},
  bibsource = {DBLP, http://dblp.uni-trier.de}
}

@book{Levy2004,
  author    = {Paul Blain Levy},
  title     = {Call-By-Push-Value: A Functional/Imperative Synthesis},
  publisher = {Springer},
  series    = {Semantics Structures in Computation},
  volume    = {2},
  year      = {2004},
  OPTisbn   = {1-4020-1730-8},
  bibsource = {DBLP, http://dblp.uni-trier.de}
}

@inproceedings{Filinski10,
  author    = {Andrzej Filinski},
  title     = {Monads in action},
  booktitle = {POPL},
  year      = {2010},
  OPTpages  = {483-494},
  publisher = {ACM},
  ee        = {http://doi.acm.org/10.1145/1706299.1706354},
  bibsource = {DBLP, http://dblp.uni-trier.de}
}

@inproceedings{SwamyGLH11,
  author    = {Nikhil Swamy and
               Nataliya Guts and
               Daan Leijen and
               Michael Hicks},
  title     = {Lightweight monadic programming in {ML}},
  booktitle = {ICFP},
  year      = {2011},
  publisher = {ACM},
  ee        = {http://doi.acm.org/10.1145/2034773.2034778},
  bibsource = {DBLP, http://dblp.uni-trier.de}
}

@article{BentonK01,
  author    = {Nick Benton and Andrew Kennedy},
  title     = {Exceptional Syntax},
  journal   = {J. Funct. Program.},
  volume    = {11},
  number    = {4},
  year      = {2001},
  pages  = {395--410},
  ee        = {http://dx.doi.org/10.1017/S0956796801004099},
  bibsource = {DBLP, http://dblp.uni-trier.de}
}

@inproceedings{KiselyovLS04,
  author = {Oleg Kiselyov and Ralf L{\"a}mmel and Keean Schupke},
  title = {Strongly typed heterogeneous collections},
  booktitle = {Haskell},
  year = {2004},
  OPTisbn = {1-58113-850-4},
  OPTlocation = {Snowbird, Utah, USA},
  OPTdoi = {http://doi.acm.org/10.1145/1017472.1017488},
}

@misc{Kiselyov12a,
  author = {Oleg Kiselyov},
  title = {Type equalities, disequalities and obsoleting of overlapping instances},
  note = {~\\
           \url{http://okmij.org/ftp/Haskell/typeEQ.html}
         },
  year = 2012,
}

@misc{Gill12,
  author = {Andy Gill},
  title = {The mtl package (2.1.2)},
  note = {~\\
           \url{http://hackage.haskell.org/package/mtl}
         },
  year = 2012,
}

@misc{OSullivan13,
  author = {Bryan O'Sullivan},
  title = {The criterion package (0.8.0.0)},
  note = {~\\
           \url{http://hackage.haskell.org/package/criterion}
         },
  year = 2013,
}

@inproceedings{SchrijversO11,
  author    = {Tom Schrijvers and
               Bruno C. d. S. Oliveira},
  title     = {Monads, zippers and views: virtualizing the monad stack},
  booktitle = {ICFP},
  year      = {2011},
  publisher = {ACM},
  ee        = {http://doi.acm.org/10.1145/2034773.2034781},
  bibsource = {DBLP, http://dblp.uni-trier.de}
}

@inproceedings{Jaskelioff08,
  author    = {Mauro Jaskelioff},
  title     = {Monatron: An Extensible Monad Transformer Library},
  booktitle = {IFL},
  year      = {2008},
  OPTpages  = {233-248},
  publisher = {Springer-Verlag},
  bibsource = {DBLP, http://dblp.uni-trier.de}
}

@techreport{Leijen13,
  author = {Daan Leijen},
  title = {Koka: Programming with Row-Polymorphic Effect Types},
  institution = {Microsoft Research},
  year = {2013},
  number = {MSR-TR-2013-79},
  volumne = 28,
}

@techreport{JonesD93,
    author = {Mark P. Jones and Luc Duponcheel},
    title = {Composing Monads},
    institution = {Yale},
    year = {1993}
}

@inproceedings{LiangHJ95,
  author    = {Sheng Liang and
               Paul Hudak and
               Mark P. Jones},
  title     = {Monad Transformers and Modular Interpreters},
  booktitle = {POPL},
  year      = {1995},
  publisher = {ACM},
  ee        = {http://doi.acm.org/10.1145/199448.199528},
  bibsource = {DBLP, http://dblp.uni-trier.de}
}

@misc{McBride12,
  author = {Conor McBride},
  title = {Frank (0.3)},
  note = {~\\
    \url{http://hackage.haskell.org/package/Frank}},
  year = 2012,
}

@inproceedings{McBride07,
  author = {Conor McBride},
  title = {How might effectful programs look?},
  booktitle = {Workshop on Effects and Type Theory},
  note = {~\\
    \url{http://cs.ioc.ee/efftt/mcbride-slides.pdf}},
  year = {2007},
}

@misc{Visscher12,
  author = {Sjoerd Visscher},
  title = {The effects package (0.2.2)},
  note = {~\\
    \url{http://hackage.haskell.org/package/effects}},
  year = 2012,
}

@misc{Gonzalez13,
  author = {Gabriel Gonzalez},
  title = {The pipes package (3.2.0)},
  note = {~\\
    \url{http://hackage.haskell.org/package/pipes}},
  year = 2013,
}

@misc{Gonzalez12,
  author = {Gabriel Gonzalez},
  title = {pipes-2.5: Faster and slimmer},
  note = {~\\
    \url{http://www.haskellforall.com/2012/10/pipes-25-faster-and-slimmer.html}},
  year = 2012,
}

@inproceedings{PlotkinP09,
  author    = {Gordon D. Plotkin and
               Matija Pretnar},
  title     = {Handlers of Algebraic Effects},
  booktitle = {ESOP},
  year      = {2009},
  OPTpages  = {80-94},
  publisher = {Springer-Verlag},
  bibsource = {DBLP, http://dblp.uni-trier.de}
}

@article{PlotkinP13,
  author    = {Gordon D. Plotkin and
               Matija Pretnar},
  title     = {Handling Algebraic Effects},
  journal   = {Logical Methods in Computer Science},
  volume    = {9},
  number    = {4},
  year      = {2013},
  ee        = {http://dx.doi.org/10.2168/LMCS-9(4:23)2013, http://arxiv.org/abs/1312.1399},
  bibsource = {DBLP, http://dblp.uni-trier.de}
}


@inproceedings{KammarP12,
  author    = {Ohad Kammar and
               Gordon D. Plotkin},
  title     = {Algebraic foundations for effect-dependent optimisations},
  booktitle = {POPL},
  year      = {2012},
  OPTpages  = {349-360},
  publisher = {ACM},
  ee        = {http://doi.acm.org/10.1145/2103656.2103698},
  bibsource = {DBLP, http://dblp.uni-trier.de}
}

@inproceedings{Filinski94,
  author    = {Andrzej Filinski},
  title     = {Representing Monads},
  booktitle = {POPL},
  year      = {1994},
  OPTpages  = {446-457},
  publisher = {ACM},
  ee        = {http://doi.acm.org/10.1145/174675.178047},
  bibsource = {DBLP, http://dblp.uni-trier.de}
}

@inproceedings{Filinski99,
  author    = {Andrzej Filinski},
  title     = {Representing Layered Monads},
  booktitle = {POPL},
  year      = {1999},
  OPTpages  = {175-188},
  publisher = {ACM},
  ee        = {http://doi.acm.org/10.1145/292540.292557},
  bibsource = {DBLP, http://dblp.uni-trier.de}
}

@article{Filinski07,
  author    = {Andrzej Filinski},
  title     = {On the relations between monadic semantics},
  journal   = {Theoret. Comput. Sci.},
  volume    = {375},
  number    = {1-3},
  year      = {2007},
  OPTpages  = {41-75},
  ee        = {http://dx.doi.org/10.1016/j.tcs.2006.12.027},
  bibsource = {DBLP, http://dblp.uni-trier.de}
}

% row typing
@inproceedings{Remy89,
  author    = {Didier R{\'e}my},
  title     = {Typechecking Records and Variants in a Natural Extension
               of {ML}},
  booktitle = {POPL},
  year      = {1989},
  publisher = {ACM},
  bibsource = {DBLP, http://dblp.uni-trier.de}
}

@incollection{Remy93,
  author = {Didier R{\'e}my},
  title = {Type Inference for Records in a Natural Extension of {ML}},
  booktitle = {Theoretical Aspects Of Object-Oriented Programming. 
              Types, Semantics and Language Design},
  publisher = {MIT Press},
  year = {1993},
  editor = {Carl A. Gunter and John C. Mitchell},
}

@inproceedings{Garrigue98,
 author = {Jacques Garrigue},
 title = {Programming with polymorphic variants},
 booktitle = ml,
 month = sep,
 year = 1998
}

@inproceedings{BAC06,
  author    = {Matthias Blume and
               Umut A. Acar and
               Wonseok Chae},
  title     = {Extensible programming with first-class cases},
  booktitle = icfp,
  year      = {2006},
  OPTpages     = {239-250},
  publisher = {ACM},
  ee        = {http://doi.acm.org/10.1145/1159803.1159836},
  bibsource = {DBLP, http://dblp.uni-trier.de}
}

@inproceedings{BAC08,
  author    = {Matthias Blume and
               Umut A. Acar and
               Wonseok Chae},
  title     = {Exception Handlers as Extensible Cases},
  booktitle = {APLAS},
  year      = {2008},
  OPTpages  = {273-289},
  publisher = {Springer-Verlag},
  bibsource = {DBLP, http://dblp.uni-trier.de}
}

@article{LeroyP00,
  author    = {Xavier Leroy and
               Fran\c{c}ois Pessaux},
  title     = {Type-based analysis of uncaught exceptions},
  journal   = {ACM Trans. Program. Lang. Syst.},
  year      = {2000},
  pages     = {340--377},
  publisher = {ACM},
  ee        = {http://doi.acm.org/10.1145/349214.349230},
  bibsource = {DBLP, http://dblp.uni-trier.de}
}


@inproceedings{LindleyC12,
  author    = {Sam Lindley and
               James Cheney},
  title     = {Row-based effect types for database integration},
  booktitle = {TLDI},
  year      = {2012},
  OPTpages  = {91-102},
  publisher = {ACM},
  ee        = {http://doi.acm.org/10.1145/2103786.2103798},
  bibsource = {DBLP, http://dblp.uni-trier.de}
}


@inproceedings{Wand87,
  author    = {Mitchell Wand},
  title     = {Complete Type Inference for Simple Objects},
  booktitle = {LICS},
  year      = {1987},
  OPTpages     = {37-44},
  publisher = {IEEE Computer Society},
  bibsource = {DBLP, http://dblp.uni-trier.de}
}

@inproceedings{HarperP91,
  author    = {Robert Harper and
               Benjamin C. Pierce},
  title     = {A Record Calculus Based on Symmetric Concatenation},
  booktitle = {POPL},
  year      = {1991},
  OPTpages  = {131-142},
  publisher = {ACM},
  ee        = {http://doi.acm.org/10.1145/99583.99603},
  bibsource = {DBLP, http://dblp.uni-trier.de}
}

@article{Ohori95,
  author    = {Atsushi Ohori},
  title     = {A Polymorphic Record Calculus and Its Compilation},
  journal   = {ACM Trans. Program. Lang. Syst.},
  volume    = {17},
  number    = {6},
  year      = {1995},
  OPTpages  = {844-895},
  ee        = {http://doi.acm.org/10.1145/218570.218572},
  bibsource = {DBLP, http://dblp.uni-trier.de}
}

@inproceedings{Chlipala10,
  author    = {Adam Chlipala},
  title     = {Ur: statically-typed metaprogramming with type-level record
               computation},
  booktitle = {PLDI},
  year      = {2010},
  OPTpages  = {122-133},
  ee        = {http://doi.acm.org/10.1145/1806596.1806612},
  bibsource = {DBLP, http://dblp.uni-trier.de}
}

@inproceedings{OhoriU11,
  author    = {Atsushi Ohori and
               Katsuhiro Ueno},
  title     = {Making {Standard ML} a practical database programming language},
  booktitle = {ICFP},
  year      = {2011},
  OPTpages  = {307-319},
  publisher = {ACM},
  ee        = {http://doi.acm.org/10.1145/2034773.2034815},
  bibsource = {DBLP, http://dblp.uni-trier.de}
}

% delimited continuations
@inproceedings{DanvyF90,
  author    = {Olivier Danvy and
               Andrzej Filinski},
  title     = {Abstracting Control},
  booktitle = {LFP},
  year      = {1990},
  OPTpages  = {151-160},
  ee        = {http://doi.acm.org/10.1145/91556.91622},
  publisher = {ACM},
  bibsource = {DBLP, http://dblp.uni-trier.de}
}

@inproceedings{Felleisen88,
  author    = {Matthias Felleisen},
  title     = {The Theory and Practice of First-Class Prompts},
  booktitle = {POPL},
  year      = {1988},
  OPTpages  = {180-190},
  publisher = {ACM},
  ee        = {http://doi.acm.org/10.1145/73560.73576},
  bibsource = {DBLP, http://dblp.uni-trier.de}
}

@article{Staton09,
  author    = {Sam Staton},
  title     = {Two Cotensors in One: Presentations of Algebraic Theories
               for Local State and Fresh Names},
  journal   = {Electr. Notes Theor. Comput. Sci.},
  volume    = {249},
  year      = {2009},
  pages     = {471--490},
  ee        = {http://dx.doi.org/10.1016/j.entcs.2009.07.103},
  bibsource = {DBLP, http://dblp.uni-trier.de}
}

@article{Katsumata13,
  author    = {{Shin-ya} Katsumata},
  title     = {Relating computational effects by  $\top\top$-lifting},
  journal   = {Inf. Comput.},
  volume    = {222},
  year      = {2013},
  OPTpages     = {228-246},
  ee        = {http://dx.doi.org/10.1016/j.ic.2012.10.014},
  bibsource = {DBLP, http://dblp.uni-trier.de}
}

@article{PlotkinP01a,
  author    = {Gordon D. Plotkin and
               John Power},
  title     = {Semantics for algebraic operations},
  journal   = {Electr. Notes Theor. Comput. Sci.},
  volume    = {45},
  OPTpages  = "332 - 345",
  year      = {2001},
  bibsource = {DBLP, http://dblp.uni-trier.de}
}

@inproceedings{PlotkinP02,
  author    = {Gordon D. Plotkin and
               John Power},
  title     = {Notions of Computation Determine Monads},
  booktitle = {FoSSaCS},
  year      = {2002},
  OPTpages     = {342--356},
  publisher = {Springer-Verlag},
  ee        = {http://dx.doi.org/10.1007/3-540-45931-6_24},
  bibsource = {DBLP, http://dblp.uni-trier.de}
}

@article{hyland-plotkin-power:sum-and-tensor,
  author    = {Martin Hyland and
               Gordon D. Plotkin and
               John Power},
  title     = {Combining effects: Sum and tensor},
  journal   = {Theoret. Comput. Sci.},
  year      = {2006},
  pages     = {70--99},
  publisher = {Elsevier},
  bibsource = {DBLP, http://dblp.uni-trier.de}
}


@article{PlotkinP03,
  author    = {Gordon D. Plotkin and
               John Power},
  title     = {Algebraic Operations and Generic Effects},
  journal   = {Appl. Categ. Structures},
  volume    = {11},
  number    = {1},
  year      = {2003},
  pages     = {69--94},
  ee        = {http://dx.doi.org/10.1023/A:1023064908962},
  bibsource = {DBLP, http://dblp.uni-trier.de}
}


@inproceedings{PlotkinP01b,
  author    = {Gordon D. Plotkin and
               John Power},
  title     = {Adequacy for Algebraic Effects},
  booktitle = {FoSSaCS},
  year      = {2001},
  OPTpages  = {1--24},
  publisher = {Springer-Verlag},
  ee        = {http://dx.doi.org/10.1007/3-540-45315-6_1},
  bibsource = {DBLP, http://dblp.uni-trier.de}
}

@inproceedings{JohannSimpsonVoigtlander10,
  author={Patricia Johann, Alex Simpson and Janis Voigtl\"ander},
  title={A generic operational metatheory for algebraic effects},
  booktitle={LICS},
  publisher = {IEEE Computer Society},
  year = {2010},
}

@article{JaskelioffMoggi10,
 author = {Mauro Jaskelioff and Eugenio Moggi},
 title = {Monad transformers as monoid transformers},
 journal = {Theoret. Comput. Sci.},
 OPTissue_date = {December, 2010},
 volume = {411},
 number = {51--52},
 OPTmonth = dec,
 year = {2010},
 OPTissn = {0304-3975},
 OPTpages = {4441--4466},
 OPTnumpages = {26},
 OPTurl = {http://dx.doi.org/10.1016/j.tcs.2010.09.011},
 OPTdoi = {10.1016/j.tcs.2010.09.011},
 OPTacmid = {1890311},
 OPTpublisher = {Elsevier Science Publishers Ltd.},
 OPTaddress = {Essex, UK},
 OPTkeywords = {Monad, Monoid, Monoidal category},
} 

@inproceedings{ChakravartyGSP05,
 author = {Chakravarty, Manuel M. T. et al.and Keller, Gabriele and Jones, Simon Peyton},
 title = {Associated type synonyms},
 booktitle = {ICFP},
 publisher = {ACM},
 year = {2005},
} 

@bachelorthesis{Doczkal2007,
  title = {Strong Normalization of Call-by-push-value},
  author = {Christian Doczkal},
  year = {2007},
  OPTtype = {{B.Sc. Thesis}},
  school = {{Saarland  University}},
}

@article{AriolaHS09,
  author    = {Zena M. Ariola and
               Hugo Herbelin and
               Amr Sabry},
  title     = {A type-theoretic foundation of delimited continuations},
  journal   = hosc,
  volume    = {22},
  number    = {3},
  year      = {2009},
  pages     = {233--273},
  publisher = {Kluwer},
  ee        = {http://dx.doi.org/10.1007/s10990-007-9006-0},
  bibsource = {DBLP, http://dblp.uni-trier.de}
}

@inproceedings{KameyamaA08,
  author = {Kameyama, Y. and K. Asai},
  title = {Strong Normalization of Polymorphic Calculus for Delimited Continuations},
  booktitle = {SCSS},
  year = 2008
}

@article{Shan07,
  author    = {Shan, Chung-chieh},
  title     = {A static simulation of dynamic delimited control},
  journal   = hosc,
  volume    = {20},
  number    = {4},
  year      = {2007},
  pages  = {371-401},
  ee        = {http://dx.doi.org/10.1007/s10990-007-9010-4},
  bibsource = {DBLP, http://dblp.uni-trier.de}
}

@inproceedings{Lindley07,
  author    = {Sam Lindley},
  title     = {Extensional Rewriting with Sums},
  booktitle = {TLCA},
  year      = {2007},
  OPTpages  = {255-271},
  ee        = {http://dx.doi.org/10.1007/978-3-540-73228-0_19},
  publisher = {Springer-Verlag},
  bibsource = {DBLP, http://dblp.uni-trier.de}
}

@inproceedings{KiselyovS09,
  author    = {Oleg Kiselyov and
               Shan, Chung-chieh},
  title     = {Embedded Probabilistic Programming},
  booktitle = {DSL},
  year      = {2009},
  OPTpages     = {360-384},
  ee        = {http://dx.doi.org/10.1007/978-3-642-03034-5_17},
  publisher = {Springer-Verlag},
  bibsource = {DBLP, http://dblp.uni-trier.de}
}

@inproceedings{Kiselyov12,
  author    = {Oleg Kiselyov},
  title     = {Iteratees},
  booktitle = {FLOPS},
  year      = {2012},
  OPTpages  = {166-181},
  ee        = {http://dx.doi.org/10.1007/978-3-642-29822-6_15},
  publisher = {Springer-Verlag},
  bibsource = {DBLP, http://dblp.uni-trier.de}
}

@inproceedings{Voigtlander08,
  author    = {Janis Voigtl{\"a}nder},
  title     = {Asymptotic Improvement of Computations over Free Monads},
  booktitle = {MPC},
  year      = {2008},
  OPTpages  = {388-403},
  publisher = {Springer-Verlag},
  ee        = {http://dx.doi.org/10.1007/978-3-540-70594-9_20},
  bibsource = {DBLP, http://dblp.uni-trier.de}
}

@article{PlotkinP08,
  author    = {Gordon D. Plotkin and
               John Power},
  title     = {Tensors of Comodels and Models for Operational Semantics},
  journal   = {Electr. Notes Theor. Comput. Sci.},
  volume    = {218},
  year      = {2008},
  OPTpages  = {295-311},
  ee        = {http://dx.doi.org/10.1016/j.entcs.2008.10.018},
  bibsource = {DBLP, http://dblp.uni-trier.de}
}

@phdthesis{PretnarThesis,
  author="Matija Pretnar",
  title="The Logic and Handling of Algebraic Effects", 
  school="University of Edinburgh",
  year="2009"
}


@article{Swierstra08,
  author    = {Wouter Swierstra},
  title     = {Data types {\`a} la carte},
  journal   = {J. Funct. Program.},
  volume    = {18},
  number    = {4},
  year      = {2008},
  pages     = {423-436},
  bibsource = {DBLP, http://dblp.uni-trier.de}
}

% random monads laundry list
@inproceedings{Moggi89,
  author    = {Eugenio Moggi},
  title     = {Computational Lambda-Calculus and Monads},
  booktitle = {LICS},
  year      = {1989},
  OPTpages  = {14-23},
  publisher = {IEEE Computer Society},
  ee        = {http://dx.doi.org/10.1109/LICS.1989.39155},
  bibsource = {DBLP, http://dblp.uni-trier.de}
}

@article{Wadler92,
  author    = {Philip Wadler},
  title     = {Comprehending Monads},
  journal   = {Mathematical Structures in Computer Science},
  volume    = {2},
  number    = {4},
  year      = {1992},
  OPTpages  = {461-493},
  ee        = {http://dx.doi.org/10.1017/S0960129500001560},
  bibsource = {DBLP, http://dblp.uni-trier.de}
}

@inproceedings{Wadler95,
  author    = {Philip Wadler},
  title     = {Monads for Functional Programming},
  booktitle = {Advanced Functional Programming},
  year      = {1995},
  OPTpages  = {24-52},
  publisher = {Springer-Verlag},
  ee        = {http://dx.doi.org/10.1007/3-540-59451-5_2},
  bibsource = {DBLP, http://dblp.uni-trier.de}
}

@inproceedings{BentonHM00,
  author    = {Nick Benton and
               John Hughes and
               Eugenio Moggi},
  title     = {Monads and Effects},
  booktitle = {APPSEM 2000},
  year      = {2002},
  OPTpages  = {42--122},
  publisher = {Springer-Verlag},
  ee        = {http://dx.doi.org/10.1007/3-540-45699-6_2},
  bibsource = {DBLP, http://dblp.uni-trier.de}
}

%%%

@article{Meertens92,
  author    = {Lambert G. L. T. Meertens},
  title     = {Paramorphisms},
  journal   = {Formal Asp. Comput.},
  volume    = {4},
  number    = {5},
  year      = {1992},
  OPTpages  = {413-424},
  ee        = {http://dx.doi.org/10.1007/BF01211391},
  bibsource = {DBLP, http://dblp.uni-trier.de}
}


@inproceedings{Jones95,
  author    = {Mark P. Jones},
  title     = {Functional Programming with Overloading and Higher-Order
               Polymorphism},
  booktitle = {Advanced Functional Programming},
  year      = {1995},
  OPTpages  = {97-136},
  ee        = {http://dx.doi.org/10.1007/3-540-59451-5_4},
  bibsource = {DBLP, http://dblp.uni-trier.de}
}

@article{SheardJ02,
  author    = {Tim Sheard and
               Simon L. Peyton Jones},
  title     = {Template meta-programming for {Haskell}},
  journal   = {SIGPLAN Notices},
  volume    = {37},
  number    = {12},
  year      = {2002},
  pages     = {60-75},
  publisher = {ACM},
  ee        = {http://doi.acm.org/10.1145/636517.636528},
  bibsource = {DBLP, http://dblp.uni-trier.de}
}

@inproceedings{Mainland07,
  author    = {Geoffrey Mainland},
  title     = {Why it's nice to be quoted: quasiquoting for {Haskell}},
  booktitle = {Haskell},
  year      = {2007},
  OPTpages     = {73-82},
  publisher = {ACM},
  ee        = {http://doi.acm.org/10.1145/1291201.1291211},
  bibsource = {DBLP, http://dblp.uni-trier.de}
}

@article{OliveiraSC12,
  author    = {Bruno C. d. S. Oliveira and
               Tom Schrijvers and
               William R. Cook},
  title     = {{MRI}: Modular reasoning about interference in incremental
               programming},
  journal   = {J. Funct. Program.},
  volume    = {22},
  number    = {6},
  year      = {2012},
  pages     = {797-852},
  ee        = {http://journals.cambridge.org/action/displayAbstract?aid=8711059},
  bibsource = {DBLP, http://dblp.uni-trier.de}
}

@inproceedings{Brady13,
  author    = {Edwin Brady},
  title     = {Programming and Reasoning with Algebraic Effects and Dependent Types},
  booktitle = {ICFP},
  publisher = {ACM},
  year      = {2013},
}

@inproceedings{KiselyovSS13,
  author    = {Oleg Kiselyov and
               Amr Sabry and
               Cameron Swords},
  title     = {Extensible effects: an alternative to monad transformers},
  booktitle = {Haskell},
  publisher = {ACM},
  year      = {2013},
  pages     = {59--70},
  ee        = {http://doi.acm.org/10.1145/2503778.2503791},
  bibsource = {DBLP, http://dblp.uni-trier.de}
}

@article{Pretnar13,
  author    = {Matija Pretnar},
  title     = {Inferring Algebraic Effects},
  journal   = {CoRR},
  volume    = {abs/1312.2334},
  year      = {2013},
  ee        = {http://arxiv.org/abs/1312.2334},
  bibsource = {DBLP, http://dblp.uni-trier.de}
}


@inproceedings{BauerP13,
  author    = {Andrej Bauer and
               Matija Pretnar},
  title     = {An Effect System for Algebraic Effects and Handlers},
  booktitle = {CALCO},
  year      = {2013},
  pages     = {1-16},
  ee        = {http://dx.doi.org/10.1007/978-3-642-40206-7_1},
  crossref  = {DBLP:conf/calco/2013},
  bibsource = {DBLP, http://dblp.uni-trier.de}
}

@proceedings{DBLP:conf/calco/2013,
  OPTeditor    = {Reiko Heckel and
               Stefan Milius},
  title     = {Algebra and Coalgebra in Computer Science - 5th International
               Conference, CALCO 2013, Warsaw, Poland, September 3-6, 2013.
               Proceedings},
  booktitle = {CALCO},
  publisher = {Springer},
  series    = {Lecture Notes in Computer Science},
  volume    = {8089},
  year      = {2013},
  OPTisbn      = {978-3-642-40205-0},
  ee        = {http://dx.doi.org/10.1007/978-3-642-40206-7},
  bibsource = {DBLP, http://dblp.uni-trier.de}
}

@inproceedings{KammarLO13,
  author    = {Ohad Kammar and
               Sam Lindley and
               Nicolas Oury},
  title     = {Handlers in action},
  booktitle = {ICFP},
  year      = {2013},
  pages     = {145-158},
  ee        = {http://doi.acm.org/10.1145/2500365.2500590},
  crossref  = {DBLP:conf/icfp/2013},
  bibsource = {DBLP, http://dblp.uni-trier.de}
}

@proceedings{DBLP:conf/icfp/2013,
  OPTeditor    = {Greg Morrisett and
               Tarmo Uustalu},
  title     = {ACM SIGPLAN International Conference on Functional Programming,
               ICFP'13, Boston, MA, USA - September 25 - 27, 2013},
  booktitle = {ICFP},
  publisher = {ACM},
  year      = {2013},
  OPTisbn      = {978-1-4503-2326-0},
  ee        = {http://dl.acm.org/citation.cfm?id=2500365},
  bibsource = {DBLP, http://dblp.uni-trier.de}
}

@article{PierceT00,
  author    = {Benjamin C. Pierce and
               David N. Turner},
  title     = {Local type inference},
  journal   = {ACM Trans. Program. Lang. Syst.},
  volume    = {22},
  number    = {1},
  year      = {2000},
  pages     = {1-44},
  ee        = {http://doi.acm.org/10.1145/345099.345100},
  bibsource = {DBLP, http://dblp.uni-trier.de}
}

@inproceedings{Augustsson85,
  author    = {Lennart Augustsson},
  title     = {Compiling Pattern Matching},
  booktitle = {FPCA},
  year      = {1985},
  pages     = {368-381},
  ee        = {http://dx.doi.org/10.1007/3-540-15975-4_48},
  bibsource = {DBLP, http://dblp.uni-trier.de}
}

@inproceedings{Maranget08,
  author    = {Luc Maranget},
  title     = {Compiling pattern matching to good decision trees},
  booktitle = {ML},
  year      = {2008},
  pages     = {35-46},
  ee        = {http://doi.acm.org/10.1145/1411304.1411311},
  crossref  = {DBLP:conf/ml/2008},
  bibsource = {DBLP, http://dblp.uni-trier.de}
}

@proceedings{DBLP:conf/ml/2008,
  OPTeditor    = {Eijiro Sumii},
  title     = {Proceedings of the ACM Workshop on ML, 2008, Victoria, BC,
               Canada, September 21, 2008},
  booktitle = {ML},
  publisher = {ACM},
  year      = {2008},
  OPTisbn      = {978-1-60558-062-3},
  bibsource = {DBLP, http://dblp.uni-trier.de}
}

@misc{McBride11,
  author = {Conor McBride},
  title = {Kleisli arrows of outrageous fortune},
  year = {2011},
  note = {Accepted for publication. \\
               \url{https://personal.cis.strath.ac.uk/conor.mcbride/Kleisli.pdf}}
}

@article{McbrideP08,
  author    = {Conor McBride and
               Ross Paterson},
  title     = {Applicative programming with effects},
  journal   = {J. Funct. Program.},
  volume    = {18},
  number    = {1},
  year      = {2008},
  pages     = {1-13},
  ee        = {http://dx.doi.org/10.1017/S0956796807006326},
  bibsource = {DBLP, http://dblp.uni-trier.de}
}


@inproceedings{Hughes04,
  author    = {John Hughes},
  title     = {Programming with Arrows},
  booktitle = {Advanced Functional Programming},
  year      = {2004},
  pages     = {73-129},
  ee        = {http://dx.doi.org/10.1007/11546382_2},
  crossref  = {DBLP:conf/afp/2004},
  bibsource = {DBLP, http://dblp.uni-trier.de}
}

@proceedings{DBLP:conf/afp/2004,
  OPTeditor    = {Varmo Vene and
               Tarmo Uustalu},
  title     = {Advanced Functional Programming, 5th International School,
               AFP 2004, Tartu, Estonia, August 14-21, 2004, Revised Lectures},
  booktitle = {Advanced Functional Programming},
  publisher = {Springer},
  series    = {Lecture Notes in Computer Science},
  volume    = {3622},
  year      = {2005},
  OPTisbn      = {3-540-28540-7},
  bibsource = {DBLP, http://dblp.uni-trier.de}
}
